<?xml version="1.0" encoding="UTF-8"?><record xmlns="http://www.loc.gov/MARC21/slim" xmlns:cinclude="http://apache.org/cocoon/include/1.0" xmlns:zs="http://www.loc.gov/zing/srw/">
  <leader>01420cz  a2200277n  4500</leader>
  <controlfield tag="001">n  94051085 </controlfield>
  <controlfield tag="003">DLC</controlfield>
  <controlfield tag="005">20160311075448.0</controlfield>
  <controlfield tag="008">940526n| azannaabn          |n aaa      </controlfield>
  <datafield tag="010" ind1=" " ind2=" ">
    <subfield code="a">n  94051085 </subfield>
  </datafield>
  <datafield tag="035" ind1=" " ind2=" ">
    <subfield code="a">(OCoLC)oca03612671</subfield>
  </datafield>
  <datafield tag="040" ind1=" " ind2=" ">
    <subfield code="a">DLC</subfield>
    <subfield code="b">eng</subfield>
    <subfield code="e">rda</subfield>
    <subfield code="c">DLC</subfield>
    <subfield code="d">ICU</subfield>
    <subfield code="d">ScU</subfield>
  </datafield>
  <datafield tag="046" ind1=" " ind2=" ">
    <subfield code="f">1942-06-06</subfield>
    <subfield code="2">edtf</subfield>
  </datafield>
  <datafield tag="100" ind1="1" ind2=" ">
    <subfield code="a">Ottinger, Ulrike,</subfield>
    <subfield code="d">1942-</subfield>
  </datafield>
  <datafield tag="370" ind1=" " ind2=" ">
    <subfield code="a">Konstanz (Germany)</subfield>
    <subfield code="c">Germany</subfield>
    <subfield code="e">Berlin (Germany)</subfield>
    <subfield code="2">naf</subfield>
  </datafield>
  <datafield tag="372" ind1=" " ind2=" ">
    <subfield code="a">Photography</subfield>
    <subfield code="a">Painting</subfield>
    <subfield code="a">Motion picture authorship</subfield>
    <subfield code="2">lcsh</subfield>
  </datafield>
  <datafield tag="372" ind1=" " ind2=" ">
    <subfield code="a">Filmmaking</subfield>
  </datafield>
  <datafield tag="373" ind1=" " ind2=" ">
    <subfield code="a">European Graduate School</subfield>
  </datafield>
  <datafield tag="373" ind1=" " ind2=" ">
    <subfield code="a">Akademie der Bildenden KuĚnste MuĚnchen</subfield>
    <subfield code="2">naf</subfield>
  </datafield>
  <datafield tag="374" ind1=" " ind2=" ">
    <subfield code="a">Filmmakers</subfield>
  </datafield>
  <datafield tag="374" ind1=" " ind2=" ">
    <subfield code="a">Photographers</subfield>
    <subfield code="a">Painters</subfield>
    <subfield code="a">Screenwriters</subfield>
    <subfield code="2">lcsh</subfield>
  </datafield>
  <datafield tag="375" ind1=" " ind2=" ">
    <subfield code="a">female</subfield>
  </datafield>
  <datafield tag="377" ind1=" " ind2=" ">
    <subfield code="a">ger</subfield>
  </datafield>
  <datafield tag="670" ind1=" " ind2=" ">
    <subfield code="a">Her Taiga, c1993:</subfield>
    <subfield code="b">t.p. (Ulrike Ottinger) p. 164 (b. 1942)</subfield>
  </datafield>
  <datafield tag="670" ind1=" " ind2=" ">
    <subfield code="a">The world goes pop, 2015:</subfield>
    <subfield code="b">page 213 (Ulrike Ottinger, b. 1942 in Konstanz, Germany. Lives and works in Berlin.)</subfield>
  </datafield>
  <datafield tag="670" ind1=" " ind2=" ">
    <subfield code="a">Wikipedia WWW site, March 9, 2016:</subfield>
    <subfield code="b">(Ulrike Ottinger (born 6 June 1942) is a German filmmaker, documentarian photographer and professor at European Graduate School in Saas-Fee, Switzerland ; From 1959 she was a visiting student at the Academy of Arts in Munich and worked as a painter ; From 1962 to 1968, she worked as a freelance artist in Paris ; In 1966 she wrote her first screenplay ; She has resided in Berlin since 1973. Ottinger also works as a photographer.)</subfield>
  </datafield>
</record>